@book{refactoring_lippert,
  title={Refactoring in large software projects: performing complex restructurings successfully},
  author={Lippert, Martin and Roock, Stephen},
  year={2006},
  publisher={John Wiley \& Sons}
}